%% This BibTeX bibliography file was created using BibDesk.
%% http://bibdesk.sourceforge.net/


%% Created for Matthew Hickey at 2019-10-13 19:37:22 -0230 


%% Saved with string encoding Unicode (UTF-8) 



@article{wearable_rev,
	Author = {Lisa Avila and Mike Bailey},
	Date-Added = {2019-10-13 19:07:09 -0230},
	Date-Modified = {2019-10-13 19:11:21 -0230},
	Journal = {IEEE Computer Graphics and Applications},
	Keywords = {revolution,growth,wearable,fitbit,apple,watch,fitness},
	Month = {Mar.-Apr.},
	Number = {2},
	Title = {The Wearable Revolution},
	Volume = {35},
	Year = {2015},
	Bdsk-File-1 = {YnBsaXN0MDDSAQIDBFxyZWxhdGl2ZVBhdGhZYWxpYXNEYXRhXxAhc291cmNlcy90aGVXZWFyYWJsZVJldm9sdXRpb24ucGRmTxEBzgAAAAABzgACAAAMTWFjaW50b3NoIEhEAAAAAAAAAAAAAAAAAAAAAAAAAEJEAAH/////GXRoZVdlYXJhYmxlUmV2b2x1dGlvbi5wZGYAAAAAAAAAAAAAAAAAAAAAAAAAAAAAAAAAAAAAAAAAAAAAAAAAAP////8AAAAAAAAAAAAAAAAAAQADAAAKIGN1AAAAAAAAAAAAAAAAAAdzb3VyY2VzAAACAGAvOlVzZXJzOm1hdHRoZXdoaWNrZXk6RGVza3RvcDpmYWxsMjAxOTpDb21wQXJjaDpwcm9qZWN0OnJlcG9ydDpzb3VyY2VzOnRoZVdlYXJhYmxlUmV2b2x1dGlvbi5wZGYADgA0ABkAdABoAGUAVwBlAGEAcgBhAGIAbABlAFIAZQB2AG8AbAB1AHQAaQBvAG4ALgBwAGQAZgAPABoADABNAGEAYwBpAG4AdABvAHMAaAAgAEgARAASAF5Vc2Vycy9tYXR0aGV3aGlja2V5L0Rlc2t0b3AvZmFsbDIwMTkvQ29tcEFyY2gvcHJvamVjdC9yZXBvcnQvc291cmNlcy90aGVXZWFyYWJsZVJldm9sdXRpb24ucGRmABMAAS8AABUAAgAU//8AAAAIAA0AGgAkAEgAAAAAAAACAQAAAAAAAAAFAAAAAAAAAAAAAAAAAAACGg==}}

@misc{technopedia_defn,
	Author = {Technopedia},
	Date-Added = {2019-10-13 19:01:21 -0230},
	Date-Modified = {2019-10-13 19:37:22 -0230},
	Howpublished = {https://www.techopedia.com/definition/31206/wearable-device},
	Keywords = {definition,wearable,technology,body,sensor},
	Title = {Wearable Device},
	Url = {https://www.techopedia.com/definition/31206/wearable-device},
	Urldate = {October 13, 2019}}

@webpage{market_growth,
	Author = {Mamtani, Kritika},
	Date-Added = {2019-10-13 18:54:09 -0230},
	Date-Modified = {2019-10-13 18:56:26 -0230},
	Journal = {Market Research Report},
	Keywords = {growth,wearable,forecast,money,market},
	Lastchecked = {October 13, 2019},
	Month = {April},
	Title = {Wearable Technology Market by Device Global Opportunity Analysis and Industry Forecast, 2014-2022},
	Url = {https://www.alliedmarketresearch.com/wearable-technology-market},
	Year = {2017}}
