%% This BibTeX bibliography file was created using BibDesk.
%% http://bibdesk.sourceforge.net/


%% Created for Matthew Hickey at 2019-10-13 19:02:07 -0230 


%% Saved with string encoding Unicode (UTF-8) 



@webpage{technopedia_defn,
	Date-Added = {2019-10-13 19:01:21 -0230},
	Date-Modified = {2019-10-13 19:02:07 -0230},
	Keywords = {definition,wearable,technology,body,sensor},
	Lastchecked = {October 13, 2019},
	Url = {https://www.techopedia.com/definition/31206/wearable-device}}

@webpage{market_growth,
	Author = {Mamtani, Kritika},
	Date-Added = {2019-10-13 18:54:09 -0230},
	Date-Modified = {2019-10-13 18:56:26 -0230},
	Journal = {Market Research Report},
	Keywords = {growth,wearable,forecast,money,market},
	Lastchecked = {October 13, 2019},
	Month = {April},
	Title = {Wearable Technology Market by Device (Smart watch, fitness & wellness devices, Smart glasses, Smart clothing), by Product type (Wrist wear, eyewear, hearables, neckwear, bodywear) and Geography - Global Opportunity Analysis and Industry Forecast, 2014-2022},
	Url = {https://www.alliedmarketresearch.com/wearable-technology-market},
	Year = {2017}}
